@article{hansen1989factors,
  title={Factors affecting attendance at professional sport events},
  author={Hansen, Hal and Gauthier, Roger},
  journal={Journal of sport management},
  volume={3},
  number={1},
  pages={15--32},
  year={1989},
  publisher={Human Kinetics, Inc.}
}


@article{welki1999us,
  title={US professional football game-day attendance},
  author={Welki, Andrew M and Zlatoper, Thomas J},
  journal={Atlantic Economic Journal},
  volume={27},
  number={3},
  pages={285--298},
  year={1999},
  publisher={Springer}
}


@article{coates2010week,
  title={Week to week attendance and competitive balance in the National Football League},
  author={Coates, Dennis and Humphreys, Brad R},
  journal={International Journal of Sport Finance},
  volume={5},
  number={4},
  pages={239},
  year={2010},
  publisher={Fitness Information Technology, A Division of ICPE West Virginia University}
}

@article{ehrlich2020covid,
  title={COVID-19 countermeasures, sporting events, and the financial impacts to the North American leagues},
  author={Ehrlich, Justin Andrew and Ghimire, Shankar and Khraiche, Maroula and Raza, Mian Farrukh},
  journal={Managerial Finance},
  year={2020},
  publisher={Emerald Publishing Limited}
}

@article{bhanot1988metropolis,
  title={The metropolis algorithm},
  author={Bhanot, Gyan},
  journal={Reports on Progress in Physics},
  volume={51},
  number={3},
  pages={429},
  year={1988},
  publisher={IOP Publishing}
}